@Book{Ashcroft,
	author = 	 {N.W. Ashcroft and N.D. Mermin},
	title = 	 {{Solid State Physics}},
	publisher = 	 {Saunders College},
	year = 	 1976,
	address = 	 {Philadelphia},
}

@book{Giuliani2005,
	doi = {10.1017/cbo9780511619915},
	url = {https://doi.org/10.1017/cbo9780511619915},
	year = {2005},
	publisher = {Cambridge University Press},
	author = {Gabriele Giuliani and Giovanni Vignale},
	title = {Quantum Theory of the Electron Liquid}
}

@article{Nam1967,
	doi = {10.1103/physrev.156.470},
	url = {https://doi.org/10.1103/physrev.156.470},
	year = {1967},
	month = apr,
	publisher = {American Physical Society ({APS})},
	volume = {156},
	number = {2},
	pages = {470--486},
	author = {Sang Boo Nam},
	title = {Theory of Electromagnetic Properties of Superconducting and Normal Systems. {I}},
	journal = {Physical Review}
}

@book{Tinkham,
	title={Introduction to Superconductivity},
	author={Michael Tinkham},
	edition = 2,
	isbn={9780486435039},
	lccn={95022378},
	series={Dover Books on Physics},
	year={2004},
	publisher={Dover Publications},
	location={Mineola, N.Y.},
}
